@book{lipschutz-algebra,
	title={{\'A}lgebra linear - 2{\textordfeminine} Edição},
	author={Lipschutz, Seymour},
	year={1972},
	publisher={McGraw-Hill}
}
